@online{Perun,
  title = {Visiongame. Perun Creative},
  urldate = {2021-03-06},
  url = {https://visiongame.cz/studio/perun-creative/},
}

@online{PerunLinkedIn,
  title = {LinkedIn. Perun Creative},
  urldate = {2021-03-06},
  url = {https://www.linkedin.com/company/perun-creative-s.r.o.},
}

@online{Hobo,
  title = {Perun Creative. Hobo: Tough Life},
  urldate = {2021-03-06},
  url = {http://hoborpg.com/},
}

@online{Unity,
  title = {Unity Technologies. Unity Platform},
  urldate = {2021-03-06},
  url = {https://unity.com/products/unity-platform},
}

@online{UnityMultiplatform,
  title = {Unity Technologies. Build once, deploy anywhere},
  urldate = {2021-03-06},
  url = {https://unity.com/features/multiplatform},
}

@online{CSharpLang,
  title = {Microsoft. A tour of the C\# language},
  urldate = {2021-03-07},
  url = {https://docs.microsoft.com/en-us/dotnet/csharp/tour-of-csharp/},
}

@book{ProGit,
  author       = {Chacon, Scott and Straub, Ben},
  title        = {Pro Git},
  year         = 2014,
  edition      = 2,
  publisher    = {Apress},
  isbn		   = {1484200772},
  location     = {New York},
  langid       = {english},
  langidopts   = {variant=american},
}